@book{kuratowski1966wstkep,
  title={Wst{\k{e}}p do teorii mnogo{\'s}ci i topologii},
  author={Kuratowski, Kazimierz},
  volume={9},
  year={1966},
  publisher={Pa{\'n}stwowe Wydawn. Naukowe}
}
@book{jedrzejewski2011algebra,
title={Algebra liniowa z elementami geometrii analotycznej},
author={J. Jędrzejewski, T. Poreda},
year={2011},
publisher={Politechnika Łódzka}
}
@book{kraszewski2007wstkep,
  title={Wst{\k{e}}p do matematyki},
  author={Kraszewski, Jan},
  year={2007},
  publisher={Wydawnictwa Naukowo-Techniczne}
}
@article{adams1965theory,
  title={A theory of appropriate statistics},
  author={Adams, Ernest W and Fagot, Robert F and Robinson, Richard E},
  journal={Psychometrika},
  volume={30},
  number={2},
  pages={99--127},
  year={1965},
  publisher={Springer}
}